<record><leader>00000cas a22000007a 4500</leader><controlfield tag="001">14109076</controlfield><controlfield tag="008">860819d19721981txudr ne      0    0eng d</controlfield><datafield ind1=" " ind2=" " tag="010"><subfield code="a">sn 86088517 </subfield></datafield><datafield ind1=" " ind2=" " tag="040"><subfield code="a">PPM</subfield><subfield code="b">eng</subfield><subfield code="c">PPM</subfield><subfield code="d">OCLCQ</subfield></datafield><datafield ind1=" " ind2=" " tag="042"><subfield code="a">msc</subfield></datafield><datafield ind1="0" ind2=" " tag="130"><subfield code="a">Eagle (Bryan, Tex.)</subfield></datafield><datafield ind1="1" ind2="4" tag="245"><subfield code="a">The Eagle.</subfield></datafield><datafield ind1=" " ind2=" " tag="260"><subfield code="a">Bryan, Tex. :</subfield><subfield code="b">Eagle Print. Co.,</subfield><subfield code="c">1972-1981.</subfield></datafield><datafield ind1=" " ind2=" " tag="300"><subfield code="a">v. :</subfield><subfield code="b">ill.</subfield></datafield><datafield ind1=" " ind2=" " tag="310"><subfield code="a">Daily</subfield></datafield><datafield ind1="0" ind2=" " tag="362"><subfield code="a">Vol. 96, no. 1 (Jan. 2, 1972)-v. 105, no. 132 (June 7, 1981).</subfield></datafield><datafield ind1=" " ind2=" " tag="515"><subfield code="a">Assumes numbering of Bryan daily eagle.</subfield></datafield><datafield ind1=" " ind2=" " tag="752"><subfield code="a">United States</subfield><subfield code="b">Texas</subfield><subfield code="c">Brazos</subfield><subfield code="d">Bryan.</subfield></datafield><datafield ind1=" " ind2=" " tag="752"><subfield code="a">United States</subfield><subfield code="b">Texas</subfield><subfield code="c">Brazos</subfield><subfield code="d">College Station.</subfield></datafield><datafield ind1="0" ind2="0" tag="780"><subfield code="t">Daily eagle (Bryan, Tex.)</subfield><subfield code="w">(DLC)sn 88083746</subfield></datafield><datafield ind1="0" ind2="0" tag="785"><subfield code="t">Bryan-College Station eagle</subfield><subfield code="w">(DLC)sn 83002424</subfield></datafield></record>